@book{national2014convergence,
  title={Convergence: Facilitating transdisciplinary integration of life sciences, physical sciences, engineering, and beyond},
  author={National Research Council and others},
  year={2014},
  publisher={National Academies Press}
}

@article{elsawah2020eight,
  title={Eight grand challenges in socio-environmental systems modeling},
  author={Elsawah, Sondoss and Filatova, Tatiana and Jakeman, Anthony J and Kettner, Albert J and Zellner, Moira L and Athanasiadis, Ioannis N and Hamilton, Serena H and Axtell, Robert L and Brown, Daniel G and Gilligan, Jonathan M and others},
  journal={Socio-Environmental Systems Modelling},
  volume={2},
  pages={16226--16226},
  year={2020}
}

@article{haimes2018risk,
  title={Risk modeling of interdependent complex systems of systems: Theory and practice},
  author={Haimes, Yacov Y},
  journal={Risk analysis},
  volume={38},
  number={1},
  pages={84--98},
  year={2018},
  publisher={Wiley Online Library}
}

@article{helbing2013globally,
  title={Globally networked risks and how to respond},
  author={Helbing, Dirk},
  journal={Nature},
  volume={497},
  number={7447},
  pages={51--59},
  year={2013},
  publisher={Nature Publishing Group}
}

@article{saltelli2019so,
  title={Why so many published sensitivity analyses are false: A systematic review of sensitivity analysis practices},
  author={Saltelli, Andrea and Aleksankina, Ksenia and Becker, William and Fennell, Pamela and Ferretti, Federico and Holst, Niels and Li, Sushan and Wu, Qiongli},
  journal={Environmental modelling \& software},
  volume={114},
  pages={29--39},
  year={2019},
  publisher={Elsevier}
}

@article{wirtz2017rocky,
  title={The rocky road to extended simulation frameworks covering uncertainty, inversion, optimization and control},
  author={Wirtz, Daniel and Nowak, Wolfgang},
  journal={Environmental Modelling \& Software},
  volume={93},
  pages={180--192},
  year={2017},
  publisher={Elsevier}
}

@misc{kwakkel2016coping,
  title={Coping with the wickedness of public policy problems: approaches for decision making under deep uncertainty},
  author={Kwakkel, Jan H and Walker, Warren E and Haasnoot, Marjolijn},
  year={2016},
  publisher={American Society of Civil Engineers}
}

@article{gass1997encyclopedia,
  title={Encyclopedia of operations research and management science},
  author={Gass, Saul I and Harris, Carl M},
  journal={Journal of the Operational Research Society},
  volume={48},
  number={7},
  pages={759--760},
  year={1997},
  publisher={Taylor \& Francis}
}

@article{saltelli2015climate,
  title={Climate models as economic guides scientific challenge or quixotic quest?},
  author={Saltelli, Andrea and Stark, Philip B and Becker, William and Stano, Pawel},
  journal={Issues in Science and Technology},
  volume={31},
  number={3},
  pages={79--84},
  year={2015},
  publisher={JSTOR}
}

@book{cooke1991experts,
  title={Experts in uncertainty: opinion and subjective probability in science},
  author={Cooke, Roger and others},
  year={1991},
  publisher={Oxford University Press on Demand}
}

@article{moallemi2020exploratory,
  title={Exploratory modeling for analyzing coupled human-natural systems under uncertainty},
  author={Moallemi, Enayat A and Kwakkel, Jan and de Haan, Fjalar J and Bryan, Brett A},
  journal={Global Environmental Change},
  volume={65},
  pages={102186},
  year={2020},
  publisher={Elsevier}
}

@article{walker2003defining,
  title={Defining uncertainty: a conceptual basis for uncertainty management in model-based decision support},
  author={Walker, Warren E and Harremo{\"e}s, Poul and Rotmans, Jan and Van Der Sluijs, Jeroen P and Van Asselt, Marjolein BA and Janssen, Peter and Krayer von Krauss, Martin P},
  journal={Integrated assessment},
  volume={4},
  number={1},
  pages={5--17},
  year={2003},
  publisher={Taylor \& Francis}
}



@article{bankes_exploratory_1993,
  title = {Exploratory {Modeling} for {Policy} {Analysis}},
  volume = {41},
  issn = {0030-364X},
  url = {https://pubsonline.informs.org/doi/abs/10.1287/opre.41.3.435},
  doi = {10.1287/opre.41.3.435},
  abstract = {Exploratory modeling is using computational experiments to assist in reasoning about systems where there is significant uncertainty. While frequently confused with the use of models to consolidate knowledge into a package that is used to predict system behavior, exploratory modeling is a very different kind of use, requiring a different methodology for model development. This paper distinguishes these two broad classes of model use describes some of the approaches used in exploratory modeling, and suggests some technological innovations needed to facilitate it.},
  number = {3},
  urldate = {2018-09-11},
  journal = {Operations Research},
  author = {Bankes, Steve},
  month = jun,
  year = {1993},
  pages = {435--449},
  file = {Full Text PDF:C\:\\Users\\dfg42\\Zotero\\storage\\XDI9SYF8\\Bankes - 1993 - Exploratory Modeling for Policy Analysis.pdf:application/pdf;Snapshot:C\:\\Users\\dfg42\\Zotero\\storage\\2JHQW2F4\\opre.41.3.html:text/html}
  }


  @article{bryant2010thinking,
  title={Thinking inside the box: A participatory, computer-assisted approach to scenario discovery},
  author={Bryant, Benjamin P and Lempert, Robert J},
  journal={Technological Forecasting and Social Change},
  volume={77},
  number={1},
  pages={34--49},
  year={2010},
  publisher={Elsevier}
}

@book{saltelli2004sensitivity,
  title={Sensitivity analysis in practice: a guide to assessing scientific models},
  author={Saltelli, Andrea and Tarantola, Stefano and Campolongo, Francesca and Ratto, Marco},
  volume={1},
  year={2004},
  publisher={Wiley Online Library}
}

@article{rakovec2014distributed,
  title={Distributed Evaluation of Local Sensitivity Analysis (DELSA), with application to hydrologic models},
  author={Rakovec, O and Hill, Mary C and Clark, MP and Weerts, AH and Teuling, AJ and Uijlenhoet, R},
  journal={Water Resources Research},
  volume={50},
  number={1},
  pages={409--426},
  year={2014},
  publisher={Wiley Online Library}
}

@article{saltelli2010avoid,
  title={How to avoid a perfunctory sensitivity analysis},
  author={Saltelli, Andrea and Annoni, Paola},
  journal={Environmental Modelling \& Software},
  volume={25},
  number={12},
  pages={1508--1517},
  year={2010},
  publisher={Elsevier}
}

@article{tang2007comparing,
  title={Comparing sensitivity analysis methods to advance lumped watershed model identification and evaluation},
  author={Tang, Yong and Reed, Patrick and Wagener, Thibaut and Werkhoven, K van},
  journal={Hydrology and Earth System Sciences},
  volume={11},
  number={2},
  pages={793--817},
  year={2007},
  publisher={Copernicus GmbH}
}

@article{borgonovo2016sensitivity,
  title={Sensitivity analysis: a review of recent advances},
  author={Borgonovo, Emanuele and Plischke, Elmar},
  journal={European Journal of Operational Research},
  volume={248},
  number={3},
  pages={869--887},
  year={2016},
  publisher={Elsevier}
}

@article{hamm2006variance,
  title={Variance-based sensitivity analysis of the probability of hydrologically induced slope instability},
  author={Hamm, Nicholas AS and Hall, Jim W and Anderson, MG},
  journal={Computers \& geosciences},
  volume={32},
  number={6},
  pages={803--817},
  year={2006},
  publisher={Elsevier}
}

@article{saltelli2019so,
  title={Why so many published sensitivity analyses are false: A systematic review of sensitivity analysis practices},
  author={Saltelli, Andrea and Aleksankina, Ksenia and Becker, William and Fennell, Pamela and Ferretti, Federico and Holst, Niels and Li, Sushan and Wu, Qiongli},
  journal={Environmental modelling \& software},
  volume={114},
  pages={29--39},
  year={2019},
  publisher={Elsevier}
}